@article{Bar-Hillel1953quasi,
	journal={Language},
	number={1},
	title={A quasi-arithmetical notation for syntactic description},
	volume={29},
	author={Bar-Hillel, Yehoshua},
	pages={47–58},
	date={1953},
	year={1953},
}
@book{Kelso1997,
	note={00000},
	publisher={MIT press},
	title={Dynamic patterns: The self-organization of brain and behavior},
	author={Kelso, J. A. S.},
	date={1997},
	year={1997},
}
@book{Strogatz2018,
	publisher={CRC Press},
	title={Nonlinear dynamics and chaos: with applications to physics, biology, chemistry, and engineering},
	author={Strogatz, Steven H.},
	date={2018},
	year={2018},
}
@book{Winfree2001,
	note={00055},
	publisher={Springer Science \& Business Media},
	title={The geometry of biological time},
	volume={12},
	author={Winfree, Arthur T.},
	date={2001},
	year={2001},
}
@book{Izhikevich2007,
	note={02536},
	publisher={MIT press},
	title={Dynamical systems in neuroscience},
	author={Izhikevich, Eugene M.},
	date={2007},
	year={2007},
}
@book{Haken1983advanced,
	publisher={Springer},
	title={Advanced synergetics},
	author={Haken, H.},
	date={1983},
	year={1983},
}
@book{Chomsky1995,
	publisher={Cambridge, Mass.: MIT Press},
	title={The minimalist program},
	author={Chomsky, Noam},
	date={1995},
	year={1995},
}
@article{Steedman1993,
	journal={Lingua},
	number={3},
	title={Categorial grammar},
	volume={90},
	author={Steedman, Mark},
	pages={221–258},
	date={1993},
	year={1993},
}
@book{Wood2014,
	publisher={Routledge},
	title={Categorial Grammars (RLE Linguistics B: Grammar)},
	author={Wood, Mary McGee},
	date={2014},
	year={2014},
}
@article{Joshi1987,
	journal={Mathematics of language},
	title={An introduction to tree adjoining grammars},
	volume={1},
	author={Joshi, Aravind K.},
	pages={87–115},
	date={1987},
	year={1987},
}
@article{Bresnan1982,
	journal={The mental representation of grammatical relations},
	title={Introduction: Grammars as mental representations of language},
	author={Bresnan, Joan and Kaplan, Ronald M.},
	pages={xvii–lii},
	date={1982},
	year={1982},
}
@book{Hudson1977,
	publisher={University of Chicago Press},
	title={Arguments for a Non-transformational Grammar},
	author={Hudson, Richard A.},
	date={1977},
	year={1977},
}
@book{Tesnière2018,
	publisher={John Benjamins Publishing Company},
	title={Elements of structural syntax},
	author={Tesnière, Lucien},
	date={2018},
	year={2018},
}
@book{Gazdar1985,
	publisher={Harvard University Press},
	title={Generalized phrase structure grammar},
	author={Gazdar, Gerald and Klein, Ewan and Pullum, Geoffrey K. and Sag, Ivan A.},
	date={1985},
	year={1985},
}
@book{Dik1981,
	publisher={Foris Pubns USA},
	title={Functional grammar},
	volume={7},
	author={Dik, Simon C.},
	date={1981},
	year={1981},
}

@incollection{VanValinJr2014,
	booktitle={The Routledge Handbook of Syntax},
	publisher={Routledge},
	title={Role and reference grammar},
	author={Van Valin Jr, Robert D.},
	pages={597–621},
	date={2014},
	year={2014},
}
@book{Goldberg1995,
	publisher={University of Chicago Press},
	title={Constructions: A construction grammar approach to argument structure},
	author={Goldberg, Adele E.},
	date={1995},
	year={1995},
}
@book{Croft2001,
	publisher={Oxford University Press on Demand},
	title={Radical construction grammar: Syntactic theory in typological perspective},
	author={Croft, William},
	date={2001},
	year={2001},
}
@article{Sag2012,
	journal={Sign-based construction grammar},
	title={Sign-based construction grammar: An informal synopsis},
	volume={193},
	author={Sag, Ivan A.},
	pages={69–202},
	date={2012},
	year={2012},
}
@book{Mcgregor1997,
	publisher={Oxford University Press UK},
	title={Semiotic Grammar},
	author={Mcgregor, William B.},
	date={1997},
	year={1997},
}
@book{Langacker2008,
	publisher={Oxford University Press USA},
	title={Cognitive Grammar: A Basic Introduction},
	author={Langacker, Ronald W.},
	date={2008},
	year={2008},
}
@techreport{Chomsky1965,
	publisher={MASSACHUSETTS INST OF TECH CAMBRIDGE RESEARCH LAB OF ELECTRONICS},
	title={Aspects of the Theory of Syntax},
	author={Chomsky, Noam},
	date={1965},
	year={1965},
}
@book{Chomsky1982,
	publisher={MIT press},
	title={Some concepts and consequences of the theory of government and binding},
	volume={6},
	author={Chomsky, Noam},
	date={1982},
	year={1982},
}
@article{Acebrón2005,
	journal={Rev. Mod. Phys},
	number={1},
	note={01009},
	title={The Kuramoto model: A simple paradigm for synchronization phenomena},
	volume={77},
	author={Acebrón, J. A. and Bonilla, L. L. and Vicente, C. J. P. and Ritort, F. and Spigler, R.},
	pages={137--185},
	date={2005},
	year={2005},
}
@article{Breakspear2010,
	journal={Frontiers in human neuroscience},
	title={Generative models of cortical oscillations: neurobiological implications of the Kuramoto model},
	volume={4},
	author={Breakspear, Michael and Heitmann, Stewart and Daffertshofer, Andreas},
	pages={190},
	date={2010},
	year={2010},
}
@article{Hong2011,
	journal={Physical Review Letters},
	number={5},
	title={Kuramoto model of coupled oscillators with positive and negative coupling parameters: an example of conformist and contrarian oscillators},
	volume={106},
	author={Hong, Hyunsuk and Strogatz, Steven H.},
	pages={054102},
	date={2011},
	year={2011},
}
@article{Schoner1988,
	journal={Science},
	number={4847},
	note={00000},
	title={Dynamic pattern generation in behavioral and neural systems},
	volume={239},
	author={Schoner, Gregor and Kelso, J. A. S.},
	pages={1513–1520},
	date={1988},
	year={1988},
}
@article{Strogatz2000,
	journal={Physica D: Nonlinear Phenomena},
	number={1-4},
	title={From Kuramoto to Crawford: exploring the onset of synchronization in populations of coupled oscillators},
	volume={143},
	author={Strogatz, Steven H.},
	pages={1–20},
	date={2000},
	year={2000},
}
@article{Grossberg1978,
	journal={Progress in theoretical biology},
	title={A theory of human memory: Self-organization and performance of sensory-motor codes, maps, and plans},
	volume={5},
	author={Grossberg, S.},
	pages={233–374},
	date={1978},
	year={1978},
}
@article{Grossberg1987,
	journal={Advances in Psychology},
	note={00005},
	title={The adaptive self-organization of serial order in behavior: Speech, language, and motor control},
	volume={43},
	author={Grossberg, S.},
	pages={313–400},
	date={1987},
	year={1987},
}
@article{Lakoff1990,
	journal={Cognitive Linguistics (includes Cognitive Linguistic Bibliography)},
	number={1},
	title={The invariance hypothesis: Is abstract reason based on image-schemas?},
	volume={1},
	author={Lakoff, George},
	pages={39–74},
	date={1990},
	year={1990},
}
@article{Lakoff1993,
	title={The contemporary theory of metaphor},
	author={Lakoff, George},
	date={1993},
	year={1993},
}
@book{Lakoff2008women,
	publisher={University of Chicago press},
	title={Women, fire, and dangerous things},
	author={Lakoff, George},
	date={2008},
	year={2008},
}
@article{Lakoff1980everyday,
	journal={The journal of Philosophy},
	number={8},
	title={Conceptual metaphor in everyday language},
	volume={77},
	author={Lakoff, George and Johnson, Mark},
	pages={453–486},
	date={1980},
	year={1980},
}
@article{Lakoff1980human,
	journal={Cognitive science},
	number={2},
	title={The metaphorical structure of the human conceptual system},
	volume={4},
	author={Lakoff, George and Johnson, Mark},
	pages={195–208},
	date={1980},
	year={1980},
}
@book{Lakoff1999,
	publisher={New york: Basic books},
	title={Philosophy in the Flesh},
	volume={4},
	author={Lakoff, George and Johnson, Mark},
	date={1999},
	year={1999},
}
@book{Lakoff2008metaphors,
	publisher={University of Chicago press},
	title={Metaphors we live by},
	author={Lakoff, George and Johnson, Mark},
	date={2008},
	year={2008},
}
@article{Clausner1999,
	journal={Cognitive linguistics},
	title={Domains and image schemas},
	volume={10},
	author={Clausner, Timothy C. and Croft, William},
	pages={1–32},
	date={1999},
	year={1999},
}
@article{Fauconnier1996,
	journal={Conceptual structure, discourse, and language},
	title={Blending as a central process of grammar},
	volume={113},
	author={Fauconnier, Gilles and Turner, Mark},
	pages={130},
	date={1996},
	year={1996},
}
@book{Fauconnier2008,
	publisher={Basic Books},
	title={The way we think: Conceptual blending and the mind's hidden complexities},
	author={Fauconnier, Gilles and Turner, Mark},
	date={2008},
	year={2008},
}
@article{Gibbs1995,
	journal={Cognitive Linguistics (includes Cognitive Linguistic Bibliography)},
	number={4},
	title={The cognitive psychological reality of image schemas and their transformations},
	volume={6},
	author={Gibbs, Raymond W. and Colston, Herbert L.},
	pages={347–378},
	date={1995},
	year={1995},
}
@article{Grady1999,
	journal={AMSTERDAM STUDIES IN THE THEORY AND HISTORY OF LINGUISTIC SCIENCE SERIES 4},
	title={Blending and metaphor},
	author={Grady, Joseph and Oakley, Todd and Coulson, Seana},
	pages={101–124},
	date={1999},
	year={1999},
}
@book{Langacker2002,
	publisher={Walter de Gruyter},
	title={Concept, image, and symbol: The cognitive basis of grammar},
	volume={1},
	author={Langacker, Ronald W.},
	date={2002},
	year={2002},
}
@article{Oakley2007,
	journal={The Oxford handbook of cognitive linguistics},
	title={Image schemas},
	author={Oakley, Todd},
	pages={214–235},
	date={2007},
	year={2007},
}
@incollection{Talmy1983,
	booktitle={Spatial orientation},
	publisher={Springer},
	title={How language structures space},
	author={Talmy, Leonard},
	pages={225–282},
	date={1983},
	year={1983},
}
@article{Talmy1988,
	journal={Cognitive science},
	number={1},
	title={Force dynamics in language and cognition},
	volume={12},
	author={Talmy, Leonard},
	pages={49–100},
	date={1988},
	year={1988},
}
@article{Lakoff2000,
	journal={AMC},
	title={Where mathematics comes from: How the embodied mind brings mathematics into being},
	volume={10},
	author={Lakoff, George and Núñez, Rafael E.},
	pages={12},
	date={2000},
	year={2000},
}
@article{Chomsky2001hale,
	journal={\biberror{Ken Hale: A Life is Language}},
	title={Derivation by Phase (MITOPL 18)},
	author={Chomsky, Noam},
	pages={1–52},
	date={2001},
	year={2001},
}
@article{Chomsky2008,
	journal={Current Studies in Linguistics Series},
	title={On phases},
	volume={45},
	author={Chomsky, Noam},
	pages={133},
	date={2008},
	year={2008},
}
@article{Hays1964,
	journal={Language},
	number={4},
	title={Dependency theory: A formalism and some observations},
	volume={40},
	author={Hays, David G.},
	pages={511–525},
	date={1964},
	year={1964},
}
@book{Melʹčuk1988,
	publisher={SUNY press},
	title={Dependency syntax: theory and practice},
	author={Melʹčuk, Igorʹ Aleksandrovič},
	date={1988},
	year={1988},
}
@article{Osborne2006,
	journal={Folia Linguistica},
	number={3-4},
	title={Beyond the Constituent-A Dependency Grammar Analysis of Chains},
	volume={39},
	author={Osborne, Timothy},
	pages={251–297},
	date={2006},
	year={2006},
}
@article{Osborne2011,
	journal={The Linguistic Review},
	number={3},
	title={Bare phrase structure, label-less trees, and specifier-less syntax. Is Minimalism becoming a dependency grammar?},
	volume={28},
	author={Osborne, Timothy and Putnam, Michael and Gross, Thomas M.},
	pages={315–364},
	date={2011},
	year={2011},
}
@article{Percival1990,
	journal={Historiographia linguistica},
	number={1},
	title={Reflections on the history of dependency notions in linguistics},
	volume={17},
	author={Percival, W. Keith},
	pages={29–47},
	date={1990},
	year={1990},
}
@incollection{Linell1988,
	booktitle={The written world},
	publisher={Springer},
	title={The impact of literacy on the conception of language: The case of linguistics},
	author={Linell, Per},
	pages={41–58},
	date={1988},
	year={1988},
}
@book{Linell2005,
	note={00209},
	publisher={Routledge},
	address={London},
	title={The written language bias in linguistics: Its nature, origins and transformations},
	author={Linell, Per},
	date={2005},
	year={2005},
}
@book{Ong2013,
	publisher={Routledge},
	title={Orality and literacy},
	author={Ong, Walter J.},
	date={2013},
	year={2013},
}
@article{Chomsky1956,
	journal={IRE Transactions on information theory},
	number={3},
	title={Three models for the description of language},
	volume={2},
	author={Chomsky, Noam},
	pages={113–124},
	date={1956},
	year={1956},
}
@article{Boroditsky2000,
	journal={Cognition},
	number={1},
	title={Metaphoric structuring: Understanding time through spatial metaphors},
	volume={75},
	author={Boroditsky, Lera},
	pages={1–28},
	date={2000},
	year={2000},
}
@article{Boroditsky2001,
	journal={Cognitive psychology},
	number={1},
	title={Does language shape thought?: Mandarin and English speakers' conceptions of time},
	volume={43},
	author={Boroditsky, Lera},
	pages={1–22},
	date={2001},
	year={2001},
}
@article{Casasanto2008,
	journal={Cognition},
	number={2},
	title={Time in the mind: Using space to think about time},
	volume={106},
	author={Casasanto, Daniel and Boroditsky, Lera},
	pages={579–593},
	date={2008},
	year={2008},
}
@book{Evans2006,
	publisher={Edinburgh University Press},
	title={Cognitive linguistics},
	author={Evans, Vyvyan},
	date={2006},
	year={2006},
}
@article{Gentner2002,
	journal={Language and cognitive processes},
	number={5},
	title={As time goes by: Evidence for two systems in processing space→ time metaphors},
	volume={17},
	author={Gentner, Dedre and Imai, Mutsumi and Boroditsky, Lera},
	pages={537–565},
	date={2002},
	year={2002},
}
@article{Núñez2006,
	journal={Metaphor and Symbol},
	number={3},
	title={Time after time: The psychological reality of the ego-and time-reference-point distinction in metaphorical construals of time},
	volume={21},
	author={Núñez, Rafael E. and Motz, Benjamin A. and Teuscher, Ursina},
	pages={133–146},
	date={2006},
	year={2006},
}
@book{Kayne1994,
	publisher={mit Press},
	title={The antisymmetry of syntax},
	author={Kayne, Richard S.},
	date={1994},
	year={1994},
}
@article{Yang1999,
	journal={Syntax},
	number={1},
	title={Unordered merge and its linearization},
	volume={2},
	author={Yang, Charles D.},
	pages={38–64},
	date={1999},
	year={1999},
}
@article{Tilsen2016,
	journal={Journal of Phonetics},
	note={00000},
	title={Selection and coordination: The articulatory basis for the emergence of phonological structure},
	volume={55},
	author={Tilsen, S.},
	pages={53–77},
	date={2016},
	year={2016},
}
@techreport{Tilsen2018,
	series={Cornell Working Papers in Phonetics and Phonology 2018},
	title={Three mechanisms for modeling articulation: selection, coordination, and intention},
	author={Tilsen, S.},
	date={2018},
	year={2018},
}
@article{Hickok2012,
	journal={Nature Reviews Neuroscience},
	number={2},
	title={Computational neuroanatomy of speech production},
	volume={13},
	author={Hickok, G.},
	pages={135–145},
	date={2012},
	year={2012},
}
@article{Kawato1999,
	journal={Current opinion in neurobiology},
	number={6},
	title={Internal models for motor control and trajectory planning},
	volume={9},
	author={Kawato, Mitsuo},
	pages={718–727},
	date={1999},
	year={1999},
}
@article{Miall1996,
	journal={Neural networks},
	number={8},
	title={Forward models for physiological motor control},
	volume={9},
	author={Miall, R. Christopher and Wolpert, Daniel M.},
	pages={1265–1279},
	date={1996},
	year={1996},
}
@inproceedings{Ramanarayanan2016,
	journal={INTERSPEECH},
	title={A New Model of Speech Motor Control Based on Task Dynamics and State Feedback.},
	author={Ramanarayanan, Vikram and Parrell, Benjamin and Goldstein, Louis and Nagarajan, Srikantan and Houde, John},
	pages={3564–3568},
	date={2016},
	year={2016},
}
@article{Wolpert1995,
	journal={Science},
	number={5232},
	title={An internal model for sensorimotor integration},
	volume={269},
	author={Wolpert, Daniel M. and Ghahramani, Zoubin and Jordan, Michael I.},
	pages={1880–1882},
	date={1995},
	year={1995},
}
@article{Wolpert1998,
	journal={Neural Networks},
	number={7},
	note={01341 Cited by 1235},
	title={Multiple paired forward and inverse models for motor control},
	volume={11},
	author={Wolpert, Daniel M. and Kawato, Mitsuo},
	pages={1317–1329},
	date={1998},
	year={1998},
}
@article{Hagoort2009,
	journal={Science},
	number={5951},
	title={The speaking brain},
	volume={326},
	author={Hagoort, Peter and Levelt, W.},
	pages={372–373},
	date={2009},
	year={2009},
}
@article{Laver1973,
	journal={Speech errors as linguistic evidence},
	title={The detection and correction of slips of the tongue},
	author={Laver, John DM},
	pages={132–143},
	date={1973},
	year={1973},
}
@article{Levelt1989,
	journal={MA: The MIT Press, Cambridge},
	title={Speaking: From Intention to Articulation},
	author={Levelt, W.},
	date={1989},
	year={1989},
}
@article{Levelt1983,
	journal={Cognition},
	number={1},
	title={Monitoring and self-repair in speech},
	volume={14},
	author={Levelt, W.},
	pages={41–104},
	date={1983},
	year={1983},
}
@article{Nooteboom1973,
	journal={Speech errors as linguistic evidence},
	title={The tongue slips into patterns},
	author={Nooteboom, Sieb G.},
	pages={144–156},
	date={1973},
	year={1973},
}
@article{Nooteboom2008,
	journal={Journal of Memory and Language},
	number={3},
	title={Self-monitoring and feedback: A new attempt to find the main cause of lexical bias in phonological speech errors},
	volume={58},
	author={Nooteboom, Sieb G. and Quené, Hugo},
	pages={837–861},
	date={2008},
	year={2008},
}
@article{Postma2000,
	journal={Cognition},
	number={2},
	title={Detection of errors during speech production: A review of speech monitoring models},
	volume={77},
	author={Postma, Albert},
	pages={97–132},
	date={2000},
	year={2000},
}
@article{Fromkin1971,
	journal={Language},
	title={The non-anomalous nature of anomalous utterances},
	author={Fromkin, Victoria A.},
	pages={27–52},
	date={1971},
	year={1971},
}
@book{Fromkin1984,
	publisher={Walter de Gruyter},
	title={Speech errors as linguistic evidence},
	volume={77},
	author={Fromkin, Victoria A.},
	date={1984},
	year={1984},
}
@article{Shriberg2001,
	journal={Journal of the International Phonetic Association},
	number={1},
	note={00196},
	title={Toerrrr'is human: ecology and acoustics of speech disfluencies},
	volume={31},
	author={Shriberg, Elizabeth},
	pages={153–164},
	date={2001},
	year={2001},
}
@article{Nespor1986,
	journal={Prosodic phonology},
	title={Prosodic phonology},
	author={Nespor, M. and Vogel, Irene},
	date={1986},
	year={1986},
}
@article{Selkirk1984,
	journal={Current Studies in Linguistics I},
	title={Phonology and syntax: the relation between sound and structure},
	author={Selkirk, E.},
	date={1984},
	year={1984},
}
@article{Selkirk2011,
	journal={The handbook of phonological theory},
	title={The syntax-phonology interface},
	volume={2},
	author={Selkirk, E.},
	pages={435–483},
	date={2011},
	year={2011},
}
@book{Payne1997,
	publisher={Cambridge University Press},
	title={Describing morphosyntax: A guide for field linguists},
	author={Payne, Thomas Edward},
	date={1997},
	year={1997},
}
@article{Zwicky1985,
	journal={Language},
	title={Clitics and particles},
	author={Zwicky, Arnold M.},
	pages={283–305},
	date={1985},
	year={1985},
}
@article{Zwicky1983,
	journal={Language},
	title={Cliticization vs. inflection: English n't},
	author={Zwicky, Arnold M. and Pullum, Geoffrey K.},
	pages={502–513},
	date={1983},
	year={1983},
}
@article{Bickel2007,
	journal={Language typology and syntactic description},
	number={2},
	title={Inflectional morphology},
	volume={3},
	author={Bickel, Balthasar and Nichols, Johanna},
	pages={169–240},
	date={2007},
	year={2007},
}
@incollection{Booij1996,
	booktitle={Yearbook of morphology 1995},
	publisher={Springer},
	title={Inherent versus contextual inflection and the split morphology hypothesis},
	author={Booij, Geert},
	pages={1–16},
	date={1996},
	year={1996},
}
@article{Dressler1989,
	journal={STUF-Language Typology and Universals},
	number={1},
	title={Prototypical differences between inflection and derivation},
	volume={42},
	author={Dressler, Wolfgang U.},
	pages={3–10},
	date={1989},
	year={1989},
}
@book{Haspelmath2013,
	publisher={Routledge},
	title={Understanding morphology},
	author={Haspelmath, Martin and Sims, Andrea},
	date={2013},
	year={2013},
}
@incollection{Bobaljik2008,
	booktitle={The Oxford Handbook of Case},
	title={Case in GB/minimalism},
	author={Bobaljik, Jonathan David and Wurmbrand, Susi},
	date={2008},
	year={2008},
}
@incollection{Malchukov2008,
	booktitle={The Oxford Handbook of Case},
	title={Typology of Case Systems},
	author={Malchukov, Andrej L. and Spencer, Andrew},
	date={2008},
	year={2008},
}
@incollection{Heine2009,
	booktitle={The Oxford handbook of case},
	title={Grammaticalization of cases},
	author={Heine, Bernd},
	date={2009},
	year={2009},
}
@book{Traugott1991,
	publisher={John Benjamins Publishing},
	title={Approaches to Grammaticalization: Volume II. Types of grammatical markers},
	volume={19},
	author={Traugott, Elizabeth Closs and Heine, Bernd},
	date={1991},
	year={1991},
}
@article{Chomsky1980,
	journal={Behavioral and brain sciences},
	number={1},
	title={Rules and representations},
	volume={3},
	author={Chomsky, Noam},
	pages={1–15},
	date={1980},
	year={1980},
}
@article{Chomsky1977,
	journal={Linguistic inquiry},
	number={3},
	title={Filters and control},
	volume={8},
	author={Chomsky, Noam and Lasnik, Howard},
	pages={425–504},
	date={1977},
	year={1977},
}
@article{Vergnaud2006,
	title={Letter to Noam Chomsky and Howard Lasnik (1976)},
	author={Vergnaud, Jean-Roger},
	date={2006},
	year={2006},
}
@article{Tomalin2007,
	journal={Lingua},
	number={10},
	title={Reconsidering recursion in syntactic theory},
	volume={117},
	author={Tomalin, Marcus},
	pages={1784–1800},
	date={2007},
	year={2007},
}
@inproceedings{Bar-Hillel1953recursive,
	journal={Proceedings of the XIth International Congress of Philosophy},
	title={On recursive definitions in empirical sciences},
	volume={5},
	author={Bar-Hillel, Yehoshua},
	pages={160–165},
	date={1953},
	year={1953},
}
@book{Seuren1998,
	publisher={Wiley Online Library},
	title={Western linguistics: an historical introduction},
	author={Seuren, Pieter AM},
	date={1998},
	year={1998},
}
@article{Everett2005,
	journal={Current anthropology},
	number={4},
	title={Cultural constraints on grammar and cognition in Piraha: Another look at the design features of human language},
	volume={46},
	author={Everett, DanielL},
	pages={621–646},
	date={2005},
	year={2005},
}
@article{Pinker1999,
	journal={Annals of the New York Academy of Sciences},
	number={1},
	title={How the mind works},
	volume={882},
	author={Pinker, Steven},
	pages={119–127},
	date={1999},
	year={1999},
}
@book{Lear1988,
	publisher={Cambridge University Press},
	title={Aristotle: the desire to understand},
	author={Lear, Jonathan},
	date={1988},
	year={1988},
}
@article{Waterhouse1979,
	journal={Historia Mathematica},
	number={4},
	title={Gauss on infinity},
	volume={6},
	author={Waterhouse, William C.},
	pages={430–436},
	date={1979},
	year={1979},
}
@book{Poincaré2003,
	publisher={Courier Corporation},
	title={Science and method},
	author={Poincaré, Henri and Maitland, Francis},
	date={2003},
	year={2003},
}
@book{Wittgenstein1980,
	publisher={University of Chicago Press},
	title={Philosophical remarks},
	author={Wittgenstein, Ludwig},
	date={1980},
	year={1980},
}
@book{Chomsky1957,
	publisher={Mouton},
	title={Syntactic structure},
	author={Chomsky, Noam},
	date={1957},
	year={1957},
}
@article{Bickel2010,
	journal={Clause-hierarchy and clause-linking: the syntax and pragmatics interface. Amsterdam: John Benjamins},
	title={Capturing particulars and universals in clause linkage},
	author={Bickel, Balthasar},
	pages={51–101},
	date={2010},
	year={2010},
}
@book{Bril2010,
	publisher={John Benjamins Publishing},
	title={Clause linking and clause hierarchy: Syntax and pragmatics},
	volume={121},
	author={Bril, Isabelle},
	date={2010},
	year={2010},
}
@article{Lehmann1988,
	journal={Clause combining in grammar and discourse},
	title={Towards a typology of clause linkage},
	volume={18},
	author={Lehmann, Christian},
	pages={181–225},
	date={1988},
	year={1988},
}
@inproceedings{VanValinJr1984,
	journal={Annual meeting of the berkeley linguistics society},
	title={A typology of syntactic relations in clause linkage},
	volume={10},
	author={Van Valin Jr, Robert D.},
	pages={542–558},
	date={1984},
	year={1984},
}
@article{Hulst2010,
	journal={Recursion and Human Language. de Gruyter Mouton},
	title={Re recursion},
	author={van der Hulst, Harry},
	date={2010},
	year={2010},
}
@article{Lobina2011,
	journal={Biolinguistics},
	number={1-2},
	title={“A running back” and forth: A review of recursion and human language},
	volume={5},
	author={Lobina, David J.},
	pages={151–169},
	date={2011},
	year={2011},
}
@article{Pullum2010,
	journal={Recursion in human language},
	title={Recursion and the infinitude claim},
	volume={104},
	author={Pullum, Geoffrey K. and Scholz, Barbara C.},
	pages={113–38},
	date={2010},
	year={2010},
}
@article{Tomalin2011,
	journal={Journal of Logic, Language and Information},
	number={3},
	title={Syntactic structures and recursive devices: A legacy of imprecision},
	volume={20},
	author={Tomalin, Marcus},
	pages={297},
	date={2011},
	year={2011},
}
@article{Hauser2002,
	journal={science},
	number={5598},
	title={The faculty of language: What is it, who has it, and how did it evolve?},
	volume={298},
	author={Hauser, Marc D. and Chomsky, Noam and Fitch, W. Tecumseh},
	pages={1569–1579},
	date={2002},
	year={2002},
}
@book{Pinker2003,
	publisher={Penguin UK},
	title={The language instinct: How the mind creates language},
	author={Pinker, Steven},
	date={2003},
	year={2003},
}
@article{Christiansen1999,
	journal={Cognitive Science},
	number={2},
	title={Toward a connectionist model of recursion in human linguistic performance},
	volume={23},
	author={Christiansen, Morten H. and Chater, Nick},
	pages={157–205},
	date={1999},
	year={1999},
}
@techreport{Elman1989,
	publisher={CALIFORNIA UNIV SAN DIEGO LA JOLLA CENTER FOR RESEARCH IN LANGUAGE},
	title={Representation and structure in connectionist models},
	author={Elman, Jeffrey L.},
	date={1989},
	year={1989},
}
@article{Smolensky1990,
	journal={Artificial intelligence},
	number={1-2},
	title={Tensor product variable binding and the representation of symbolic structures in connectionist systems},
	volume={46},
	author={Smolensky, Paul},
	pages={159–216},
	date={1990},
	year={1990},
}
@article{Culicover2010,
	journal={Trends in Cognitive Sciences},
	number={6},
	title={Quantitative methods alone are not enough: Response to Gibson and Fedorenko},
	volume={14},
	author={Culicover, Peter W. and Jackendoff, Ray},
	pages={234–235},
	date={2010},
	year={2010},
}
@article{Ferreira2005,
	journal={The Linguistic Review},
	number={2-4},
	title={Psycholinguistics, formal grammars, and cognitive science},
	volume={22},
	author={Ferreira, Fernanda},
	pages={365–380},
	date={2005},
	year={2005},
}
@article{Gibson2010,
	journal={Trends in cognitive sciences},
	number={6},
	title={Weak quantitative standards in linguistics research},
	volume={14},
	author={Gibson, Edward and Fedorenko, Evelina},
	pages={233–234},
	date={2010},
	year={2010},
}
@article{Gibson2013,
	journal={Language and Cognitive Processes},
	number={1-2},
	title={The need for quantitative methods in syntax and semantics research},
	volume={28},
	author={Gibson, Edward and Fedorenko, Evelina},
	pages={88–124},
	date={2013},
	year={2013},
}
@article{SprouseAlmeida2013,
	journal={Language and Cognitive Processes},
	number={3},
	title={The empirical status of data in syntax: A reply to Gibson and Fedorenko},
	volume={28},
	author={Sprouse, Jon and Almeida, Diogo},
	pages={222–228},
	date={2013},
	year={2013},
}
@book{Schütze2016,
	publisher={Language Science Press},
	title={The empirical base of linguistics: Grammaticality judgments and linguistic methodology},
	author={Schütze, Carson T.},
	date={2016},
	year={2016},
}
@article{Sprouse2007,
	journal={Biolinguistics},
	title={Continuous acceptability, categorical grammaticality, and experimental syntax},
	volume={1},
	author={Sprouse, Jon},
	pages={123–134},
	date={2007},
	year={2007},
}
@article{Snyder2000,
	journal={Linguistic Inquiry},
	number={3},
	title={An experimental investigation of syntactic satiation effects},
	volume={31},
	author={Snyder, William},
	pages={575–582},
	date={2000},
	year={2000},
}
@article{Spencer1973,
	journal={Journal of psycholinguistic research},
	number={2},
	title={Differences between linguists and nonlinguists in intuitions of grammaticality-acceptability},
	volume={2},
	author={Spencer, Nancy Jane},
	pages={83–98},
	date={1973},
	year={1973},
}
@article{Bolinger1965,
	journal={Forms of English: Accent, morpheme, order},
	title={Pitch accent and sentence rhythm},
	author={Bolinger, D.},
	pages={139–180},
	date={1965},
	year={1965},
}
@phdthesis{Keller2000,
	title={Gradience in grammar: Experimental and computational aspects of degrees of grammaticality},
	author={Keller, Frank},
	date={2000},
	year={2000},
}
@article{Pritchett1988,
	journal={Language},
	title={Garden path phenomena and the grammatical basis of language processing},
	author={Pritchett, Bradley L.},
	pages={539–576},
	date={1988},
	year={1988},
}
@article{Chater2006,
	journal={Trends in cognitive sciences},
	number={7},
	title={Probabilistic models of language processing and acquisition},
	volume={10},
	author={Chater, Nick and Manning, Christopher D.},
	pages={335–344},
	date={2006},
	year={2006},
}
@article{Manning2003,
	journal={Probabilistic linguistics},
	title={Probabilistic syntax},
	volume={289341},
	author={Manning, Christopher D.},
	date={2003},
	year={2003},
}
@article{Bock2007,
	journal={Cognition},
	number={3},
	title={Persistent structural priming from language comprehension to language production},
	volume={104},
	author={Bock, Kathryn and Dell, Gary S. and Chang, Franklin and Onishi, Kristine H.},
	pages={437–458},
	date={2007},
	year={2007},
}
@article{Ferreira2006,
	journal={Language and cognitive processes},
	number={7-8},
	title={The functions of structural priming},
	volume={21},
	author={Ferreira, Victor S. and Bock, Kathryn},
	pages={1011–1029},
	date={2006},
	year={2006},
}
@article{Nagata1988,
	journal={Journal of Psycholinguistic Research},
	number={1},
	title={The relativity of linguistic intuition: The effect of repetition on grammaticality judgments},
	volume={17},
	author={Nagata, Hiroshi},
	pages={1–17},
	date={1988},
	year={1988},
}
@article{Nagata1992,
	journal={Perceptual and Motor Skills},
	number={1},
	title={Anchoring effects in judging grammaticality of sentences},
	volume={75},
	author={Nagata, Hiroshi},
	pages={159–164},
	date={1992},
	year={1992},
}
@article{Pickering2008,
	journal={Psychological bulletin},
	number={3},
	title={Structural priming: a critical review.},
	volume={134},
	author={Pickering, Martin J. and Ferreira, Victor S.},
	pages={427},
	date={2008},
	year={2008},
}
@article{Rowland2012,
	journal={Cognition},
	number={1},
	title={The development of abstract syntax: Evidence from structural priming and the lexical boost},
	volume={125},
	author={Rowland, Caroline F. and Chang, Franklin and Ambridge, Ben and Pine, Julian M. and Lieven, Elena VM},
	pages={49–63},
	date={2012},
	year={2012},
}
@article{Langacker1997,
	journal={Cognitive Linguistics (includes Cognitive Linguistic Bibliography)},
	number={1},
	title={Constituency, dependency, and conceptual grouping},
	volume={8},
	author={Langacker, Ronald W.},
	pages={1–32},
	date={1997},
	year={1997},
}
@article{Phillips2003,
	journal={Linguistic inquiry},
	number={1},
	title={Linear order and constituency},
	volume={34},
	author={Phillips, Colin},
	pages={37–90},
	date={2003},
	year={2003},
}
@book{Carnie2013,
	publisher={John Wiley \& Sons},
	title={Syntax: A generative introduction},
	author={Carnie, Andrew},
	date={2013},
	year={2013},
}
@book{Ouhalla1999,
	publisher={Oxford University Press},
	title={Introducing transformational grammar: From principles and parameters to minimalism},
	author={Ouhalla, Jamal},
	date={1999},
	year={1999},
}
@article{Federmeier2009,
	journal={Psychology of learning and motivation},
	title={Time for meaning: Electrophysiology provides insights into the dynamics of representation and processing in semantic memory},
	volume={51},
	author={Federmeier, Kara D. and Laszlo, Sarah},
	pages={1–44},
	date={2009},
	year={2009},
}
@article{Kutas1997,
	journal={Cognitive neuroscience},
	title={Electrical and magnetic readings of mental functions},
	author={Kutas, Marta and Dale, Anders},
	pages={197–242},
	date={1997},
	year={1997},
}
@book{Buzsaki2006,
	note={02699},
	publisher={Oxford University Press},
	title={Rhythms of the Brain},
	author={Buzsaki, Gyorgy},
	date={2006},
	year={2006},
}
@article{Fries2001,
	journal={Science},
	number={5508},
	title={Modulation of oscillatory neuronal synchronization by selective visual attention},
	volume={291},
	author={Fries, Pascal and Reynolds, John H. and Rorie, Alan E. and Desimone, Robert},
	pages={1560–1563},
	date={2001},
	year={2001},
}
@article{Gray1989,
	journal={Nature},
	number={6213},
	title={Oscillatory responses in cat visual cortex exhibit inter-columnar synchronization which reflects global stimulus properties},
	volume={338},
	author={Gray, Charles M. and König, Peter and Engel, Andreas K. and Singer, Wolf},
	pages={334},
	date={1989},
	year={1989},
}
@article{Penny2002,
	journal={Trends in neurosciences},
	number={8},
	title={Event-related brain dynamics},
	volume={25},
	author={Penny, Will D. and Kiebel, Stephan J. and Kilner, James M. and Rugg, Mick D.},
	pages={387–389},
	date={2002},
	year={2002},
}
@article{Makeig2002,
	journal={Science},
	number={5555},
	title={Dynamic brain sources of visual evoked responses},
	volume={295},
	author={Makeig, Scott and Westerfield, Marissa and Jung, T.-P. and Enghoff, Sonia and Townsend, Jeanne and Courchesne, Eric and Sejnowski, Terrence J.},
	pages={690–694},
	date={2002},
	year={2002},
}
@article{Shah2004,
	journal={Cerebral cortex},
	number={5},
	title={Neural dynamics and the fundamental mechanisms of event-related brain potentials},
	volume={14},
	author={Shah, Ankoor S. and Bressler, Steven L. and Knuth, Kevin H. and Ding, Mingzhou and Mehta, Ashesh D. and Ulbert, Istvan and Schroeder, Charles E.},
	pages={476–483},
	date={2004},
	year={2004},
}
@article{Friederici2002,
	journal={Trends in cognitive sciences},
	number={2},
	title={Towards a neural basis of auditory sentence processing},
	volume={6},
	author={Friederici, Angela D.},
	pages={78–84},
	date={2002},
	year={2002},
}
@article{Hahne1999,
	journal={Journal of cognitive neuroscience},
	number={2},
	title={Electrophysiological evidence for two steps in syntactic analysis: Early automatic and late controlled processes},
	volume={11},
	author={Hahne, Anja and Friederici, Angela D.},
	pages={194–205},
	date={1999},
	year={1999},
}
@article{Steinhauer2012,
	journal={Brain and language},
	number={2},
	title={On the early left-anterior negativity (ELAN) in syntax studies},
	volume={120},
	author={Steinhauer, Karsten and Drury, John E.},
	pages={135–162},
	date={2012},
	year={2012},
}
@article{Kutas2011,
	journal={Annual review of psychology},
	title={Thirty years and counting: finding meaning in the N400 component of the event-related brain potential (ERP)},
	volume={62},
	author={Kutas, Marta and Federmeier, Kara D.},
	pages={621–647},
	date={2011},
	year={2011},
}
@article{Lau2008,
	journal={Nature Reviews Neuroscience},
	number={12},
	title={A cortical network for semantics:(de) constructing the N400},
	volume={9},
	author={Lau, Ellen F. and Phillips, Colin and Poeppel, David},
	pages={920},
	date={2008},
	year={2008},
}
@article{Holcomb2002,
	journal={Journal of cognitive neuroscience},
	number={6},
	title={An electrophysiological study of the effects of orthographic neighborhood size on printed word perception},
	volume={14},
	author={Holcomb, Phillip J. and Grainger, Jonathan and O'Rourke, Tim},
	pages={938–950},
	date={2002},
	year={2002},
}
@article{Müller2010,
	journal={Psychophysiology},
	number={3},
	title={Orthographic and associative neighborhood density effects: What is shared, what is different?},
	volume={47},
	author={Müller, Oliver and Duñabeitia, Jon Andoni and Carreiras, Manuel},
	pages={455–466},
	date={2010},
	year={2010},
}
@article{Gunter2000,
	journal={Journal of Cognitive Neuroscience},
	number={4},
	title={Syntactic gender and semantic expectancy: ERPs reveal early autonomy and late interaction},
	volume={12},
	author={Gunter, Thomas C. and Friederici, Angela D. and Schriefers, Herbert},
	pages={556–568},
	date={2000},
	year={2000},
}
@article{Osterhout1992,
	journal={Journal of memory and language},
	number={6},
	title={Event-related brain potentials elicited by syntactic anomaly},
	volume={31},
	author={Osterhout, Lee and Holcomb, Phillip J.},
	pages={785–806},
	date={1992},
	year={1992},
}
@article{Sassenhagen2015,
	journal={Cortex},
	title={The P600 as a correlate of ventral attention network reorientation},
	volume={66},
	author={Sassenhagen, Jona and Bornkessel-Schlesewsky, Ina},
	pages={A3–A20},
	date={2015},
	year={2015},
}
@article{Shannon1948,
	note={78101},
	title={A Mathematical Theory of Communication},
	author={Shannon, Claude E.},
	date={1948},
	year={1948},
}
@book{Schrödinger1944,
	note={05176},
	publisher={Cambridge University Press},
	title={What is life?: With mind and matter and autobiographical sketches},
	author={Schrödinger, Erwin},
	date={1944},
	year={1944},
}
@article{Ferreira2004,
	journal={Cognitive Science},
	number={5},
	title={Disfluencies, language comprehension, and tree adjoining grammars},
	volume={28},
	author={Ferreira, Fernanda and Lau, Ellen F. and Bailey, Karl GD},
	pages={721–749},
	date={2004},
	year={2004},
}
@article{Slattery2013,
	journal={Journal of Memory and Language},
	number={2},
	title={Lingering misinterpretations of garden path sentences arise from competing syntactic representations},
	volume={69},
	author={Slattery, Timothy J. and Sturt, Patrick and Christianson, Kiel and Yoshida, Masaya and Ferreira, Fernanda},
	pages={104–120},
	date={2013},
	year={2013},
}
@book{Merchant2001,
	publisher={Oxford University Press on Demand},
	title={The syntax of silence: Sluicing, islands, and the theory of ellipsis},
	author={Merchant, Jason},
	date={2001},
	year={2001},
}
@article{Merchant2005,
	journal={Linguistics and philosophy},
	number={6},
	title={Fragments and ellipsis},
	volume={27},
	author={Merchant, Jason},
	pages={661–738},
	date={2005},
	year={2005},
}
@article{Merchant2013,
	journal={Diagnosing syntax},
	title={Diagnosing ellipsis},
	volume={1},
	author={Merchant, Jason},
	pages={537–542},
	date={2013},
	year={2013},
}
@article{Dalrymple1991,
	journal={Linguistics and philosophy},
	number={4},
	title={Ellipsis and higher-order unification},
	volume={14},
	author={Dalrymple, Mary and Shieber, Stuart M. and Pereira, Fernando CN},
	pages={399–452},
	date={1991},
	year={1991},
}
@article{Sag1985,
	journal={Natural Language \& Linguistic Theory},
	number={2},
	title={Coordination and how to distinguish categories},
	volume={3},
	author={Sag, Ivan A. and Gazdar, Gerald and Wasow, Thomas and Weisler, Steven},
	pages={117–171},
	date={1985},
	year={1985},
}
@article{Frazier2005,
	journal={Syntax},
	number={2},
	title={The syntax-discourse divide: processing ellipsis},
	volume={8},
	author={Frazier, Lyn and Clifton, Charles},
	pages={121–174},
	date={2005},
	year={2005},
}
@article{Phillips2014,
	journal={Lingua},
	title={The psycholinguistics of ellipsis},
	volume={151},
	author={Phillips, Colin and Parker, Dan},
	pages={78–95},
	date={2014},
	year={2014},
}
@book{Johnson2001,
	publisher={Citeseer},
	title={What VP ellipsis can do, and what it can't, but not why},
	author={Johnson, Kyle},
	date={2001},
	year={2001},
}
@article{Johnson2009,
	journal={Linguistic Inquiry},
	number={2},
	title={Gapping is not (VP-) ellipsis},
	volume={40},
	author={Johnson, Kyle},
	pages={289–328},
	date={2009},
	year={2009},
}
@article{Wilder1997,
	journal={Studies on universal grammar and typological variation},
	title={Some properties of ellipsis in coordination},
	volume={59},
	author={Wilder, Chris},
	pages={107},
	date={1997},
	year={1997},
}
@article{Hankamer1976,
	journal={Linguistic inquiry},
	number={3},
	title={Deep and surface anaphora},
	volume={7},
	author={Hankamer, Jorge and Sag, Ivan},
	pages={391–428},
	date={1976},
	year={1976},
}
@book{Huang2000,
	publisher={Oxford University Press on Demand},
	title={Anaphora: A cross-linguistic approach},
	author={Huang, Yan},
	date={2000},
	year={2000},
}
@article{Reinhart1983,
	journal={Linguistics and Philosophy},
	number={1},
	title={Coreference and bound anaphora: A restatement of the anaphora questions},
	volume={6},
	author={Reinhart, Tanya},
	pages={47–88},
	date={1983},
	year={1983},
}
@book{Reinhart2016,
	publisher={Routledge},
	title={Anaphora and semantic interpretation},
	author={Reinhart, Tanya},
	date={2016},
	year={2016},
}
@book{Safir2004,
	publisher={Oxford University Press on Demand},
	title={The syntax of anaphora},
	author={Safir, Ken},
	date={2004},
	year={2004},
}
@article{Kazanina2007,
	journal={Journal of Memory and Language},
	number={3},
	title={The effect of syntactic constraints on the processing of backwards anaphora},
	volume={56},
	author={Kazanina, Nina and Lau, Ellen F. and Lieberman, Moti and Yoshida, Masaya and Phillips, Colin},
	pages={384–409},
	date={2007},
	year={2007},
}
@article{Reuland2005,
	journal={Anaphora processing: Linguistic, cognitive and computational modeling},
	title={Binding and beyond: Issues in backward anaphora},
	author={Reuland, Eric and Avrutin, Sergey},
	pages={139–162},
	date={2005},
	year={2005},
}
@book{Chomsky1993,
	publisher={Walter de Gruyter},
	title={Lectures on government and binding: The Pisa lectures},
	author={Chomsky, Noam},
	date={1993},
	year={1993},
}
@book{Haegeman1994,
	publisher={Wiley-Blackwell},
	title={Introduction to government and binding theory},
	author={Haegeman, Liliane},
	date={1994},
	year={1994},
}
@phdthesis{Reinhart1976,
	publisher={Massachusetts Institute of Technology},
	title={The syntactic domain of anaphora},
	author={Reinhart, Tanya},
	date={1976},
	year={1976},
}
@article{König2000,
	journal={English Language \& Linguistics},
	number={2},
	title={Locally free self-forms, logophoricity, and intensification in English},
	volume={4},
	author={König, Ekkehard and Siemund, Peter},
	pages={183–204},
	date={2000},
	year={2000},
}
@article{Baker1970,
	journal={Foundations of language},
	title={Notes on the description of English questions: The role of an abstract question morpheme},
	author={Baker, Carl L.},
	pages={197–219},
	date={1970},
	year={1970},
}
@book{Cheng1997,
	publisher={Taylor \& Francis},
	title={On the typology of wh-questions},
	author={Cheng, Lisa Lai Shen},
	date={1997},
	year={1997},
}
@article{Karttunen1977,
	journal={Linguistics and philosophy},
	number={1},
	title={Syntax and semantics of questions},
	volume={1},
	author={Karttunen, Lauri},
	pages={3–44},
	date={1977},
	year={1977},
}
@article{Reinhart1998,
	journal={Natural language semantics},
	number={1},
	title={Wh-in-situ in the framework of the Minimalist Program},
	volume={6},
	author={Reinhart, Tanya},
	pages={29–56},
	date={1998},
	year={1998},
}
@book{Watanabe1992,
	publisher={MIT Working Papers in Linguistics Department of Linguistics and Philosophy, Massachusetts Institute of Technology},
	title={Wh-in-situ, subjacency and chain formation},
	author={Watanabe, Akira},
	date={1992},
	year={1992},
}
@article{Ross1967,
	title={Constraints on variables in syntax.},
	author={Ross, John Robert},
	date={1967},
	year={1967},
}
@article{Erteschik-Shir1979,
	journal={Theoretical linguistics},
	number={1-3},
	title={Dominance and the functional explanation of island phenomena},
	volume={6},
	author={Erteschik-Shir, Nomi and Lappin, Shalom},
	pages={41–86},
	date={1979},
	year={1979},
}
@book{Truswell2011,
	publisher={Oxford University Press},
	title={Events, phrases, and questions},
	author={Truswell, Robert},
	date={2011},
	year={2011},
}
@article{Kluender1998,
	journal={Syntax and semantics},
	title={On the distinction between strong and weak islands: A processing perspective},
	author={Kluender, Robert},
	pages={241–280},
	date={1998},
	year={1998},
}
@book{SprouseHornstein2013,
	publisher={Cambridge University Press},
	title={Experimental syntax and island effects},
	author={Sprouse, Jon and Hornstein, Norbert},
	date={2013},
	year={2013},
}
@article{Sprouse2012,
	journal={Language},
	number={2},
	title={Working-memory capacity and island effects: A reminder of the issues and the facts},
	volume={88},
	author={Sprouse, Jon and Wagers, Matt and Phillips, Colin},
	pages={401–407},
	date={2012},
	year={2012},
}
@book{Haken1973,
	series={Proceedings of the Symposium on Syngergetics from April 30 to May 6, 1972},
	publisher={Springer},
	title={Synergetics: cooperative phenomena in multi-component systems},
	author={Haken, H.},
	date={1973},
	year={1973},
}
@book{Haken1983intro,
	edition={3rd edition},
	publisher={Springer},
	title={Synergetics, an introduction},
	author={Haken, H.},
	date={1983},
	year={1983},
}
@article{Marr1977,
	journal={Neurosciences Research Program Bulletin},
	title={From understanding computation to understanding neural circuitry},
	volume={15},
	author={Marr, David and Poggio, Tomaso},
	pages={470--488},
	date={1977},
	year={1977},
}
@incollection{Marr1982,
	booktitle={Vision: A Computational Investigation into the Human Representation and Processing of Visual Information},
	publisher={W. H. Freeman and Company},
	address={San Francisco},
	author={Marr, David},
	date={1982},
	year={1982},
}
@article{Haken1985,
	journal={Biological cybernetics},
	number={5},
	title={A theoretical model of phase transitions in human hand movements},
	volume={51},
	author={Haken, H. and Kelso, J. A. S. and Bunz, H.},
	pages={347–356},
	date={1985},
	year={1985},
}
@article{Kelso1981,
	journal={Journal of motor behavior},
	number={4},
	title={Patterns of human interlimb coordination emerge from the properties of non-linear, limit cycle oscillatory processes: Theory and data},
	volume={13},
	author={Kelso, J. A. S. and Holt, Kenneth G. and Rubin, Philip and Kugler, Peter N.},
	pages={226–261},
	date={1981},
	year={1981},
}
@book{Haken1996,
	publisher={Springer Verlag},
	address={Berlin},
	title={Principles of brain functioning: a synergetic approach to brain activity, behavior and cognition},
	volume={67},
	author={Haken, H.},
	date={1996},
	year={1996},
}
@article{Kelso1991,
	journal={Biological cybernetics},
	number={6},
	title={Multifrequency behavioral patterns and the phase attractive circle map},
	volume={64},
	author={Kelso, J. A. S.},
	pages={485–495},
	date={1991},
	year={1991},
}
@article{Peper1995,
	journal={Journal of Experimental Psychology: Human Perception and Performance},
	number={5},
	title={Multifrequency coordination in bimanual tapping: Asymmetrical coupling and signs of supercriticality.},
	volume={21},
	author={Peper, C. E. and Beek, Peter J. and van Wieringen, Piet CW},
	pages={1117},
	date={1995},
	year={1995},
}
@article{Sternad1999,
	journal={Journal of Motor Behavior},
	number={3},
	title={Dynamics of 1: 2 coordination: Generalizing relative phase to n: m rhythms},
	volume={31},
	author={Sternad, Dagmar and Turvey, M. T. and Saltzman, Elliot L.},
	pages={207–223},
	date={1999},
	year={1999},
}
@article{Jantzen2007,
	journal={Handbook of brain connectivity},
	title={Neural coordination dynamics of human sensorimotor behavior: A Review},
	author={Jantzen, K. and Kelso, JA},
	pages={421–461},
	date={2007},
	year={2007},
}
@article{Jantzen2008,
	journal={Journal of Cognitive Neuroscience},
	doi={10.1162/jocn.2008.21182},
	issn={0898-929X},
	number={12},
	title={Coordination Dynamics of Large-scale Neural Circuitry Underlying Rhythmic Sensorimotor Behavior},
	volume={21},
	author={Jantzen, K. and Steinberg, Fred L. and Kelso, J. A. S.},
	pages={2420--2433},
	date={2008-12-15},
	year={2008},
	month={12},
	day={15},
}
@article{Reichardt1976,
	journal={Quarterly reviews of biophysics},
	number={3},
	title={Visual control of orientation behaviour in the fly: Part I. A quantitative analysis},
	volume={9},
	author={Reichardt, Werner and Poggio, Tomaso},
	pages={311–375},
	date={1976},
	year={1976},
}
@article{Griffiths2015,
	journal={Topics in cognitive science},
	number={2},
	title={Rational use of cognitive resources: Levels of analysis between the computational and the algorithmic},
	volume={7},
	author={Griffiths, Thomas L. and Lieder, Falk and Goodman, Noah D.},
	pages={217–229},
	date={2015},
	year={2015},
}
@book{Pylyshyn1984,
	publisher={MIT press Cambridge, MA},
	title={Computation and cognition},
	author={Pylyshyn, Zenon Walter},
	date={1984},
	year={1984},
}
@article{Eliasmith2015,
	journal={Topics in cognitive science},
	number={2},
	title={Marr's Attacks: On Reductionism and Vagueness},
	volume={7},
	author={Eliasmith, Chris and Kolbeck, Carter},
	pages={323–335},
	date={2015},
	year={2015},
}
@article{McClelland2010,
	journal={Trends in cognitive sciences},
	number={8},
	title={Letting structure emerge: connectionist and dynamical systems approaches to cognition},
	volume={14},
	author={McClelland, James L. and Botvinick, Matthew M. and Noelle, David C. and Plaut, David C. and Rogers, Timothy T. and Seidenberg, Mark S. and Smith, Linda B.},
	pages={348–356},
	date={2010},
	year={2010},
}
@article{Samuelson2015,
	journal={Topics in cognitive science},
	number={2},
	title={Grounding cognitive-level processes in behavior: The view from dynamic systems theory},
	volume={7},
	author={Samuelson, Larissa K. and Jenkins, Gavin W. and Spencer, John P.},
	pages={191–205},
	date={2015},
	year={2015},
}
@article{Smith1999,
	journal={Psychological review},
	number={2},
	title={Knowing in the context of acting: the task dynamics of the A-not-B error.},
	volume={106},
	author={Smith, Linda B. and Thelen, Esther and Titzer, Robert and McLin, Dewey},
	pages={235},
	date={1999},
	year={1999},
}
@book{Chomsky2001beyond,
	publisher={MITWPL},
	title={Beyond explanatory adequacy},
	volume={20},
	author={Chomsky, Noam},
	date={2001},
	year={2001},
}
@book{Kondepudi1998,
	note={01512},
	publisher={John Wiley \& Sons},
	title={Modern thermodynamics: from heat engines to dissipative structures},
	author={Kondepudi, Dilip and Prigogine, Ilya},
	date={1998},
	year={1998},
}
@book{Nicolis1977,
	note={00000},
	publisher={Wiley, New York},
	title={Self-organization in nonequilibrium systems},
	volume={191977},
	author={Nicolis, Gregoire and Prigogine, Ilya},
	date={1977},
	year={1977},
}
@book{Prigogine1984,
	note={06556},
	publisher={Bantam Books},
	address={New York},
	title={Order out of chaos: Man's new dialogue with nature},
	author={Prigogine, Ilya and Stengers, Isabelle},
	date={1984},
	year={1984},
}
@article{Perunov2016,
	journal={Physical Review X},
	number={2},
	title={Statistical physics of adaptation},
	volume={6},
	author={Perunov, Nikolay and Marsland, Robert A. and England, Jeremy L.},
	pages={021036},
	date={2016},
	year={2016},
}
@book{Heine2002,
	publisher={Cambridge University Press},
	title={World lexicon of grammaticalization},
	author={Heine, Bernd and Kuteva, Tania},
	date={2002},
	year={2002},
}
@article{Izhikevich2006,
	journal={Neural computation},
	number={2},
	note={00711},
	title={Polychronization: computation with spikes},
	volume={18},
	author={Izhikevich, Eugene M.},
	pages={245–282},
	date={2006},
	year={2006},
}
@article{Abbott2000,
	journal={Nature neuroscience},
	number={11s},
	title={Synaptic plasticity: taming the beast},
	volume={3},
	author={Abbott, Larry F. and Nelson, Sacha B.},
	pages={1178},
	date={2000},
	year={2000},
}
@article{Markram1997,
	journal={Science},
	number={5297},
	title={Regulation of synaptic efficacy by coincidence of postsynaptic APs and EPSPs},
	volume={275},
	author={Markram, Henry and Lübke, Joachim and Frotscher, Michael and Sakmann, Bert},
	pages={213–215},
	date={1997},
	year={1997},
}
@article{Song2000,
	journal={Nature neuroscience},
	number={9},
	title={Competitive Hebbian learning through spike-timing-dependent synaptic plasticity},
	volume={3},
	author={Song, Sen and Miller, Kenneth D. and Abbott, Larry F.},
	pages={919},
	date={2000},
	year={2000},
}
@article{Gentner1982,
	journal={Center for the Study of Reading Technical Report; no. 257},
	title={Why nouns are learned before verbs: Linguistic relativity versus natural partitioning},
	author={Gentner, Dedre},
	date={1982},
	year={1982},
}
@article{Goldin-Meadow1976,
	journal={Cognition},
	number={2},
	title={Language in the two-year old},
	volume={4},
	author={Goldin-Meadow, Susan and Seligman, Martin EP and Gelman, Rochel},
	pages={189–202},
	date={1976},
	year={1976},
}
@book{O’Grady2007,
	publisher={University of Chicago Press},
	title={Syntactic development},
	author={O’Grady, William},
	date={2007},
	year={2007},
}
@article{Dore1975,
	journal={Journal of child language},
	number={1},
	title={Holophrases, speech acts and language universals},
	volume={2},
	author={Dore, John},
	pages={21–40},
	date={1975},
	year={1975},
}
@article{Tomasello2008,
	journal={Child and adolescent development},
	title={Acquiring linguistic constructions},
	author={Tomasello, Michael},
	pages={263},
	date={2008},
	year={2008},
}
@book{Radford1990,
	publisher={Blackwell},
	title={Syntactic theory and the acquisition of English syntax: The nature of early child grammars of English},
	author={Radford, Andrew},
	date={1990},
	year={1990},
}
@book{Pinker2009,
	publisher={Harvard University Press},
	title={Language learnability and language development, with new commentary by the author},
	volume={7},
	author={Pinker, Steven},
	date={2009},
	year={2009},
}
@article{Bloom1968,
	title={Language development: Form and function in emerging grammars.},
	author={Bloom, Lois Masket},
	date={1968},
	year={1968},
}
@article{Bloom1990,
	journal={Linguistic inquiry},
	number={4},
	title={Subjectless sentences in child language},
	volume={21},
	author={Bloom, Paul},
	pages={491–504},
	date={1990},
	year={1990},
}
@article{Valian1991,
	journal={Cognition},
	number={1-2},
	title={Syntactic subjects in the early speech of American and Italian children},
	volume={40},
	author={Valian, Virginia},
	pages={21–81},
	date={1991},
	year={1991},
}
@book{Hyams2012,
	publisher={Springer Science \& Business Media},
	title={Language acquisition and the theory of parameters},
	volume={3},
	author={Hyams, Nina},
	date={2012},
	year={2012},
}
@article{Rispoli1994,
	journal={Journal of child language},
	number={1},
	title={Pronoun case overextensions and paradigm building},
	volume={21},
	author={Rispoli, Matthew},
	pages={157–172},
	date={1994},
	year={1994},
}
@book{Abeles2012,
	publisher={Springer Science \& Business Media},
	title={Local cortical circuits: An electrophysiological study},
	volume={6},
	author={Abeles, Moshe},
	date={2012},
	year={2012},
}
@incollection{Braitenberg1978,
	booktitle={Theoretical approaches to complex systems},
	publisher={Springer},
	title={Cell assemblies in the cerebral cortex},
	author={Braitenberg, Valentino},
	pages={171–188},
	date={1978},
	year={1978},
}
@article{Hebb1949,
	note={00000},
	title={The Organization of Behaviour: A Neuropsychological Theory},
	author={Hebb, D.},
	date={1949},
	year={1949},
}
@article{Pulvermüller1999,
	journal={Behavioral and brain sciences},
	number={2},
	title={Words in the brain's language},
	volume={22},
	author={Pulvermüller, Friedemann},
	pages={253–279},
	date={1999},
	year={1999},
}
@article{Averbeck2003,
	journal={Experimental Brain Research},
	number={2},
	title={Neural activity in prefrontal cortex during copying geometrical shapes},
	volume={150},
	author={Averbeck, B.B. and Crowe, D.A. and Chafee, M.V. and Georgopoulos, A.P.},
	pages={142–153},
	date={2003},
	year={2003},
}
@article{Buzsáki2004,
	journal={science},
	number={5679},
	note={02748},
	title={Neuronal oscillations in cortical networks},
	volume={304},
	author={Buzsáki, György and Draguhn, Andreas},
	pages={1926–1929},
	date={2004},
	year={2004},
}
@article{Canolty2010,
	journal={Trends in cognitive sciences},
	number={11},
	title={The functional role of cross-frequency coupling},
	volume={14},
	author={Canolty, Ryan T. and Knight, Robert T.},
	pages={506–515},
	date={2010},
	year={2010},
}
@article{Engel2001,
	journal={Nature Reviews Neuroscience},
	number={10},
	title={Dynamic predictions: oscillations and synchrony in top–down processing},
	volume={2},
	author={Engel, Andreas K. and Fries, Pascal and Singer, Wolf},
	pages={704},
	date={2001},
	year={2001},
}
@article{Fuster2001,
	journal={Neuron},
	number={2},
	title={The prefrontal cortex—an update: time is of the essence},
	volume={30},
	author={Fuster, Joaquın M.},
	pages={319–333},
	date={2001},
	year={2001},
}
@book{Gerstner2002,
	publisher={Cambridge university press},
	title={Spiking neuron models: Single neurons, populations, plasticity},
	author={Gerstner, Wulfram and Kistler, Werner M.},
	date={2002},
	year={2002},
}
@article{Izhikevich2008,
	journal={Proceedings of the national academy of sciences},
	number={9},
	title={Large-scale model of mammalian thalamocortical systems},
	volume={105},
	author={Izhikevich, Eugene M. and Edelman, Gerald M.},
	pages={3593–3598},
	date={2008},
	year={2008},
}
@article{Klimesch1999,
	journal={Brain research reviews},
	number={2-3},
	title={EEG alpha and theta oscillations reflect cognitive and memory performance: a review and analysis},
	volume={29},
	author={Klimesch, Wolfgang},
	pages={169–195},
	date={1999},
	year={1999},
}
@article{Freidin2001,
	journal={Lingua},
	number={9},
	title={Exquisite connections: Some remarks on the evolution of linguistic theory},
	volume={111},
	author={Freidin, Robert and Vergnaud, Jean-Roger},
	pages={639–666},
	date={2001},
	year={2001},
}
@inproceedings{Vergnaud1977,
	journal={Basic problems in methodology and linguistics},
	publisher={Springer},
	title={Formal properties of phonological rules},
	author={Vergnaud, Jean-Roger},
	pages={299–318},
	date={1977},
	year={1977},
}
@article{Duque2010,
	journal={The Journal of Neuroscience},
	number={10},
	title={Evidence for two concurrent inhibitory mechanisms during response preparation},
	volume={30},
	author={Duque, Julie and Lew, D. and Mazzocchio, R. and Olivier, E. and Ivry, R.B.},
	pages={3793–3802},
	date={2010},
	year={2010},
}
@article{Duque2017,
	journal={Trends in neurosciences},
	number={4},
	title={Physiological markers of motor inhibition during human behavior},
	volume={40},
	author={Duque, Julie and Greenhouse, Ian and Labruna, Ludovica and Ivry, Richard B.},
	pages={219–236},
	date={2017},
	year={2017},
}
@article{Duque2009,
	journal={Cerebral cortex},
	number={9},
	title={Role of corticospinal suppression during motor preparation},
	volume={19},
	author={Duque, Julie and Ivry, Richard B.},
	pages={2013–2024},
	date={2009},
	year={2009},
}
@article{Mayr2006,
	journal={Journal of Cognitive Neuroscience},
	number={1},
	title={Dissociating task-set selection from task-set inhibition in the prefrontal cortex},
	volume={18},
	author={Mayr, Ulrich and Diedrichsen, Jörn and Ivry, Richard and Keele, Steven W.},
	pages={14–21},
	date={2006},
	year={2006},
}

